@online{Kaggle,
  author = {Sajan Gohil},
  title = {Cassava\_autoencoder\_pretraining},
  year = 2021,
  note = {https://www.kaggle.com/code/srg9000/cassava-autoencoder-pretraining/notebook},
}

@online{Plan,
  author = {Lukasz Tomaszewski},
  title = {CO826: G6 Project Plan},
  year = 2022,
  note = {Project plan submitted at the satrt project.}
}